<record><leader>00000cas a2200000 a 4500</leader><controlfield tag="001">20625214</controlfield><controlfield tag="008">891110c19879999aruqr ne      0   a0eng c</controlfield><datafield ind1=" " ind2=" " tag="010"><subfield code="a">sn 92003914 </subfield></datafield><datafield ind1=" " ind2=" " tag="040"><subfield code="a">AFU</subfield><subfield code="b">eng</subfield><subfield code="c">AFU</subfield><subfield code="d">NSD</subfield><subfield code="d">OCL</subfield><subfield code="d">ANU</subfield><subfield code="d">OCLCQ</subfield><subfield code="d">OCLCF</subfield><subfield code="d">OCLCO</subfield></datafield><datafield ind1=" " ind2=" " tag="012"><subfield code="l">1</subfield></datafield><datafield ind1="1" ind2=" " tag="022"><subfield code="a">1061-2394</subfield><subfield code="l">1061-2394</subfield><subfield code="2">1</subfield></datafield><datafield ind1=" " ind2=" " tag="037"><subfield code="b">Zassafras Music News, PO Box 1000, Gravette, AR 72736-1000</subfield></datafield><datafield ind1=" " ind2=" " tag="042"><subfield code="a">nsdp</subfield><subfield code="a">pcc</subfield></datafield><datafield ind1=" " ind2="0" tag="222"><subfield code="a">Zassafras music news</subfield></datafield><datafield ind1="0" ind2="0" tag="245"><subfield code="a">Zassafras music news.</subfield></datafield><datafield ind1="3" ind2="0" tag="246"><subfield code="a">ZMN</subfield></datafield><datafield ind1=" " ind2=" " tag="260"><subfield code="a">Gravette, AR :</subfield><subfield code="b">Mothers &#787;Biscuits Pub.,</subfield><subfield code="c">1987-</subfield></datafield><datafield ind1=" " ind2=" " tag="300"><subfield code="a">v. :</subfield><subfield code="b">ill. ;</subfield><subfield code="c">35-44 cm.</subfield></datafield><datafield ind1=" " ind2=" " tag="310"><subfield code="a">Quarterly</subfield></datafield><datafield ind1="0" ind2=" " tag="362"><subfield code="a">Fall 1987-</subfield></datafield><datafield ind1=" " ind2=" " tag="500"><subfield code="a">Published as: ZMN, Feb./Mar./Apr. 1993-</subfield></datafield><datafield ind1=" " ind2=" " tag="515"><subfield code="a">Whole numbering began in Spring 1988 with 3.</subfield></datafield><datafield ind1=" " ind2="0" tag="650"><subfield code="a">Popular music</subfield><subfield code="z">United States</subfield><subfield code="x">History and criticism</subfield><subfield code="v">Newspapers.</subfield></datafield><datafield ind1=" " ind2="0" tag="650"><subfield code="a">Folk music</subfield><subfield code="z">United States</subfield><subfield code="x">History and criticism</subfield><subfield code="v">Newspapers.</subfield></datafield><datafield ind1=" " ind2="0" tag="650"><subfield code="a">Musicians</subfield><subfield code="z">United States</subfield><subfield code="v">Newspapers.</subfield></datafield><datafield ind1=" " ind2="7" tag="655"><subfield code="a">Criticism, interpretation, etc.</subfield><subfield code="2">fast</subfield><subfield code="0">(OCoLC)fst01411635</subfield></datafield><datafield ind1=" " ind2="7" tag="655"><subfield code="a">Newspapers.</subfield><subfield code="2">fast</subfield><subfield code="0">(OCoLC)fst01423814</subfield></datafield><datafield ind1=" " ind2="7" tag="650"><subfield code="a">Folk music.</subfield><subfield code="2">fast</subfield><subfield code="0">(OCoLC)fst00929383</subfield></datafield><datafield ind1=" " ind2="7" tag="650"><subfield code="a">Musicians.</subfield><subfield code="2">fast</subfield><subfield code="0">(OCoLC)fst01030837</subfield></datafield><datafield ind1=" " ind2="7" tag="650"><subfield code="a">Popular music.</subfield><subfield code="2">fast</subfield><subfield code="0">(OCoLC)fst01071422</subfield></datafield><datafield ind1=" " ind2="7" tag="651"><subfield code="a">United States.</subfield><subfield code="2">fast</subfield><subfield code="0">(OCoLC)fst01204155</subfield></datafield><datafield ind1=" " ind2=" " tag="752"><subfield code="a">United States</subfield><subfield code="b">Arkansas</subfield><subfield code="c">Benton</subfield><subfield code="d">Gravette.</subfield></datafield></record>